@article{sauloy03, 
    author = "Jacques Sauloy",
    title = "Galois theory of {F}uchsian $q$-difference equations",
    journal = "Ann. Sci. Ecole. Norm. Sup.",
    volume = 4,
    number = 36,
    year = 2003,
}

@article{koe18,
    author = "Erik Koelnik",
    title = "$q$-special functions, basic hypergeometric series and operators",
    year = 2018,
    journal = "Lecture notes for course at the OPSFA Summer school in Sousse, Tunisia"
} 

@article{RW22,
    author = "Yong Bin Ruan and Yao Xiong Wen",
    title = "Quantum {$K$}-theory and $q$-difference equations",
    journal = "Acta Mathematica Sinica, English Series volume",
    year = 2022,
    volume = 38,
    pages = "pg. 1677 --- 1704",
    doi = "https://doi.org/10.1007/s10114-022-1616-2"
} 

@article{kir97,
    author = "Alexander Kirillov",
    title = "Lectures on affine {H}ecke algebras and {M}acdonald's conjectures",
    journal = "Bull. Amer. Math. Soc. (N.S.)",
    year = 1997,
    number = 3,
    pages = "pg. 251 --- 292"
}

@article{che90,
    author = "Ivan Cherednik",
    title = "Affine extensions of {K}nizhnik-{Z}amolodchikov equations and {L}usztig's isomorphisms",
    journal = "ICM-90 Satell. Conf. Proc.",
    publisher = "Springer",
    year = "1990",
    pages = "63 - 77"
}

@article{vv03,
    author = "M. Varagnolo and E. Vasserot",
    title = "From double affine {H}ecke algebras to quantized affine {S}chur
    algebras",
    journal = "Int. Math. Research Notices",
    volume = 2004,
    year = 2004, 
    number = 26,
    pages = "1299 - 1333"
}

@article{hot98,
    author = "Ryoshi Hotta",
    title = "Equivariant {$D$}-modules",
    url = "\url{https://arxiv.org/abs/math/9805021}",
    year = 1998
} 

@article{ggor03,
    author = "V. Ginzburg and N. Guay and E. Opdam and R. Rouquier",
    title = "On the category $\mcal{O}$ for rational {C}herednik algebras",
    year = 2003
}

@article{beg00,
    author = "V. Baranovsky and S. Evens and V. Ginzburg",
    title = "Representations of quantum tori and double-affine {H}ecke algebras",
    year = 2000
}

@article{gkv95,
    author = "V. Ginzburg and Kapranov and Vasserot",
    title = "Residue construction of {H}ecke algebras",
    year = 1995
}

@article{ion01,
    title = {Involutions of {D}ouble {A}ffine {H}ecke {A}lgebras},
    year = {2001},
    author = {Bogdan Ion}
}

@article{grv94,
    author = {V. Ginzburg and N. Reshetikhin and E. Vasserot},
    title = {Quantum groups and flag varieties},
    number = {175},
    pages = {101 --- 130},
    journal = {Contemporary Mathematics},
    year = {1994}
}

@book{efk98,
    authors = {P. Etingof and I. Frenkel and A. Kirillov},
    year = {1998},
    title = {Lectures on {R}epresentation {T}heory and {K}nizhnik-{Z}alomodchikov {E}quations},
    publisher = {Mathematical Surveys and Monographs},
    volume = {58}
}

@article{fuj19,
    author = {R. Fujita},
    title = {Geometric realization of {D}ynkin quiver type quantum affine {S}chur-{W}eyl duality},
    year = {2019}
}
